<?xml version="1.0" encoding="UTF-8"?><record xmlns="http://www.loc.gov/MARC21/slim" xmlns:cinclude="http://apache.org/cocoon/include/1.0" xmlns:zs="http://www.loc.gov/zing/srw/">
  <leader>01697cz  a2200349n  4500</leader>
  <controlfield tag="001">n  85131141 </controlfield>
  <controlfield tag="003">DLC</controlfield>
  <controlfield tag="005">20160706075255.0</controlfield>
  <controlfield tag="008">860203n| azannaabn          |b aaa     c</controlfield>
  <datafield tag="010" ind1=" " ind2=" ">
    <subfield code="a">n  85131141 </subfield>
    <subfield code="z">n 2002052594</subfield>
    <subfield code="z">n 2004099851</subfield>
  </datafield>
  <datafield tag="035" ind1=" " ind2=" ">
    <subfield code="a">(OCoLC)oca01498943</subfield>
  </datafield>
  <datafield tag="040" ind1=" " ind2=" ">
    <subfield code="a">IU</subfield>
    <subfield code="b">eng</subfield>
    <subfield code="e">rda</subfield>
    <subfield code="c">DLC</subfield>
    <subfield code="d">DLC</subfield>
    <subfield code="d">IU</subfield>
    <subfield code="d">DLC</subfield>
    <subfield code="d">InU</subfield>
    <subfield code="d">WU</subfield>
  </datafield>
  <datafield tag="046" ind1=" " ind2=" ">
    <subfield code="f">1956-01-15</subfield>
    <subfield code="2">edtf</subfield>
  </datafield>
  <datafield tag="053" ind1=" " ind2="0">
    <subfield code="a">PL44.9.A368</subfield>
  </datafield>
  <datafield tag="100" ind1="1" ind2=" ">
    <subfield code="a">Akmataliev, A.</subfield>
    <subfield code="q">(Abdyldazhan)</subfield>
  </datafield>
  <datafield tag="375" ind1=" " ind2=" ">
    <subfield code="a">male</subfield>
  </datafield>
  <datafield tag="377" ind1=" " ind2=" ">
    <subfield code="a">kir</subfield>
    <subfield code="a">rus</subfield>
  </datafield>
  <datafield tag="400" ind1="1" ind2=" ">
    <subfield code="a">Акматалиев, А.</subfield>
    <subfield code="q">(Абдылдажан)</subfield>
  </datafield>
  <datafield tag="400" ind1="1" ind2=" ">
    <subfield code="a">Akmataliev, Abdyldazhan</subfield>
  </datafield>
  <datafield tag="400" ind1="1" ind2=" ">
    <subfield code="a">Акматалиев, Абдылдажан</subfield>
  </datafield>
  <datafield tag="400" ind1="1" ind2=" ">
    <subfield code="a">Акматалиев, Мелис</subfield>
  </datafield>
  <datafield tag="400" ind1="1" ind2=" ">
    <subfield code="a">Akmataliev, Melis</subfield>
  </datafield>
  <datafield tag="400" ind1="1" ind2=" ">
    <subfield code="a">Akmataliyev, Abdildacan</subfield>
  </datafield>
  <datafield tag="400" ind1="1" ind2=" ">
    <subfield code="a">Akmataliev Abdyldashan</subfield>
  </datafield>
  <datafield tag="667" ind1=" " ind2=" ">
    <subfield code="a">Non-Latin script references not evaluated.</subfield>
  </datafield>
  <datafield tag="670" ind1=" " ind2=" ">
    <subfield code="a">Chyngyz Aĭtmatov zhana kyrgyz-kazak adabiĭ baĭlanyshy, 1981:</subfield>
    <subfield code="b">t.p. (A. Akmataliev) colophon (Abdyldazhan Akmataliev)</subfield>
  </datafield>
  <datafield tag="670" ind1=" " ind2=" ">
    <subfield code="a">Ch. Aĭtmatov zhana boordosh ėlder adabii︠a︡ti, 1988:</subfield>
    <subfield code="b">t.p. (A. Akmataliev) colophon (Abdyldazhan Amanturovich Akmataliev)</subfield>
  </datafield>
  <datafield tag="670" ind1=" " ind2=" ">
    <subfield code="a">Znachenie tvorcheskoĭ aktivnosti Ch. Aĭtmatova v prot︠s︡esse vzaimoobogashchenii︠a︡ nat︠s︡ionalʹnykh literatur, 1994:</subfield>
    <subfield code="b">t.p. (Abdyldazhan Akmataliev)</subfield>
  </datafield>
  <datafield tag="670" ind1=" " ind2=" ">
    <subfield code="a">Izbrannoe sobranie sochineniĭ, 1997-1998:</subfield>
    <subfield code="b">v. 1, t.p. (Abdyldazhan Akmataliev) p. 422 (b. Jan. 15, 1956)</subfield>
  </datafield>
  <datafield tag="670" ind1=" " ind2=" ">
    <subfield code="a">Kyrgyz adabii︠a︡ty, 2010:</subfield>
    <subfield code="b">t.p. (Abdyldazhan (Melis) Akmataliev)</subfield>
  </datafield>
  <datafield tag="670" ind1=" " ind2=" ">
    <subfield code="a">Google, November 4, 2011</subfield>
    <subfield code="b">(Abdildacan Akamataliyev)</subfield>
  </datafield>
  <datafield tag="670" ind1=" " ind2=" ">
    <subfield code="a">Chyngyz Aitmatov, 2013:</subfield>
    <subfield code="b">title page (Akmataliev Abdyldazhan [Latin]; Akmataliev Abdyldashan [Latin])</subfield>
  </datafield>
</record>